@article{AdlerEtAl2023,
  author = {Adler, S. J. and Röseler, L. and Schöniger, M. K.},
  title = {A toolbox to evaluate the trustworthiness of published findings},
  journal = {Journal of Business Research},
  volume = {167},
  pages = {114189},
  year = {2023},
  doi = {10.1016/j.jbusres.2023.114189}
}

@article{AguinisSolarino2019,
  author = {Aguinis, H. and Solarino, A. M.},
  title = {Transparency and replicability in qualitative research: The case of interviews with elite informants},
  journal = {Strategic Management Journal},
  volume = {40},
  number = {8},
  pages = {1291-1315},
  year = {2019},
  doi = {10.1002/smj.3015}
}

@article{AndersonMaxwell2016,
  author = {Anderson, S. F. and Maxwell, S. E.},
  title = {There’s more than one way to conduct a replication study: Beyond statistical significance},
  journal = {Psychological Methods},
  volume = {21},
  number = {1},
  pages = {1},
  year = {2016},
  doi = {10.1037/met0000051}
}

@article{AnkelPetersEtAl2025,
  author = {Ankel-Peters, J. and Brodeur, A. and Dreber, A. and Johannesson, M. and Neubauer, F. and Rose, J.},
  title = {A protocol for structured robustness reproductions and replicability assessments},
  journal = {Q Open},
  pages = {qoaf004},
  year = {2025},
  doi = {10.1093/qopen/qoaf004}
}

@article{AnkelPetersEtAl2023,
  author = {Ankel-Peters, J. and Fiala, N. and Neubauer, F.},
  title = {Do economists replicate?},
  journal = {Journal of Economic Behavior & Organization},
  volume = {212},
  pages = {219–232},
  year = {2023},
  doi = {10.1016/j.jebo.2023.05.009}
}

@article{BakkerEtAl2012,
  author = {Bakker, M. and van Dijk, A. and Wicherts, J. M.},
  title = {The Rules of the Game Called Psychological Science},
  journal = {Perspectives on Psychological Science},
  volume = {7},
  number = {6},
  pages = {543-554},
  year = {2012},
  doi = {10.1177/1745691612459060}
}

@article{Bargh2006,
  author = {Bargh, J. A.},
  title = {What have we been priming all these years? On the development, mechanisms, and ecology of nonconscious social behavior},
  journal = {European Journal of Social Psychology},
  volume = {36},
  number = {2},
  pages = {147-168},
  year = {2006},
  doi = {10.1002/ejsp.336}
}

@article{BartosSchimmack2022,
  author = {Bartoš, F. and Schimmack, U.},
  title = {Z-curve 2.0: Estimating replication rates and discovery rates},
  journal = {Meta-Psychology},
  volume = {6},
  year = {2022},
  doi = {10.15626/MP.2021.2720}
}

@article{BaumeisterVohs2016,
  author = {Baumeister, R. F. and Vohs, K. D.},
  title = {Misguided effort with elusive implications},
  journal = {Perspectives on Psychological Science},
  volume = {11},
  number = {4},
  pages = {574-575},
  year = {2016},
  doi = {10.1177/1745691616652878}
}

@article{BaumeisterEtAl2022,
  author = {Baumeister, R. F. and Tice, D. M. and Bushman, B. J.},
  title = {A Review of Multisite Replication Projects in Social Psychology: Is It Viable to Sustain Any Confidence in Social Psychology’s Knowledge Base?},
  journal = {Perspectives on Psychological Science},
  volume = {18},
  number = {4},
  pages = {912-935},
  year = {2022},
  doi = {10.1177/17456916221121815}
}

@article{Bekkers2024,
  author = {Bekkers, R.},
  title = {Replication Value: A Comment and Alternative},
  year = {2024},
  month = {March},
  doi = {10.31234/osf.io/uj5g7}
}

@article{Bennett2021,
  author = {Bennett, E. A.},
  title = {Open science from a qualitative, feminist perspective: Epistemological dogmas and a call for critical examination},
  journal = {Psychology of Women Quarterly},
  volume = {45},
  number = {4},
  pages = {448-456},
  year = {2021},
  doi = {10.1177/03616843211036460}
}

@article{BerinskyEtAl2021,
  author = {Berinsky, A. J. and Druckman, J. N. and Yamamoto, T.},
  title = {Publication Biases in Replication Studies},
  journal = {Political Analysis},
  volume = {29},
  number = {3},
  pages = {370–384},
  year = {2021},
  doi = {10.1017/pan.2020.34}
}

@techreport{BITSS2020,
  author = {{Berkeley Initiative for Transparency in the Social Sciences}},
  title = {Guide for Advancing Computational Reproducibility in the Social Sciences},
  year = {2020},
  url = {https://bitss.github.io/ACRE/}
}

@article{BeyerEtAl2021,
  author = {Beyer, F. and Flannery, J. and Gau, R. and Janssen, L. and Schaare, L. and Hartmann, H. and Nilsonne, G. and Martin, S. and Khalil, A. and Lipp, I. and Puhlmann, L. and Heinrichs, H. and Mohamed, A. and Herholz, P. and Sicorello, M. and Panagoulas, E.},
  title = {A fMRI pre-registration template},
  journal = {PsychArchives},
  year = {2021},
  doi = {10.23668/PSYCHARCHIVES.5121}
}

@article{BlockKuckertz2018,
  author = {Block, J. and Kuckertz, A.},
  title = {Seven principles of effective replication studies: strengthening the evidence base of management research},
  journal = {Management Review Quarterly},
  volume = {68},
  number = {4},
  pages = {355-359},
  year = {2018},
  doi = {10.1007/s11301-018-0149-3}
}

@article{Bonett2021,
  author = {Bonett, D. G.},
  title = {Design and Analysis of Replication Studies},
  journal = {Organizational Research Methods},
  volume = {24},
  number = {3},
  pages = {513-529},
  year = {2021},
  doi = {10.1177/1094428120911088}
}

@article{BorgstedeScholz2021,
  author = {Borgstede, M. and Scholz, M.},
  title = {Quantitative and qualitative approaches to generalization and replication–A representationalist view},
  journal = {Frontiers in Psychology},
  volume = {12},
  pages = {605191},
  year = {2021},
  doi = {10.3389/fpsyg.2021.605191}
}

@article{BoscoEtAl2017,
  author = {Bosco, F. A. and Uggerslev, K. L. and Steel, P.},
  title = {MetaBUS as a vehicle for facilitating meta-analysis},
  journal = {Human Resource Management Review},
  volume = {27},
  number = {1},
  pages = {237-254},
  year = {2017},
  doi = {10.1016/j.hrmr.2016.09.013}
}

@article{BotvinikNezerEtAl2020,
  author = {Botvinik-Nezer, R. and Holzmeister, F. and Camerer, C. F. and Dreber, A. and Huber, J. and Johannesson, M. and and Rieck, J. R.},
  title = {Variability in the analysis of a single neuroimaging dataset by many teams},
  journal = {Nature},
  volume = {582},
  number = {7810},
  pages = {84-88},
  year = {2020}
}

@article{BoyceEtAl2024,
  author = {Boyce, V. and Prystawski, B. and Abutto, A. B. and Chen, E. M. and Chen, Z. and Chiu, H. and and Frank, M. C.},
  title = {Estimating the replicability of psychology experiments after an initial failure to replicate},
  year = {2024},
  month = {May},
  doi = {10.31234/osf.io/an3yb}
}

@article{BrandtEtAl2014,
  author = {Brandt, M. J. and IJzerman, H. and Dijksterhuis, A. and Farach, F. J. and Geller, J. and Giner-Sorolla, R. and and Van't Veer, A.},
  title = {The replication recipe: What makes for a convincing replication?},
  journal = {Journal of Experimental Social Psychology},
  volume = {50},
  pages = {217-224},
  year = {2014},
  doi = {10.1016/j.jesp.2013.10.005}
}

@article{BrodeurEtAl2024a,
  author = {Brodeur, A. and Cook, N. M. and Hartley, J. S. and Heyes, A.},
  title = {Do Preregistration and Preanalysis Plans Reduce p-Hacking and Publication Bias? Evidence from 15,992 Test Statistics and Suggestions for Improvement},
  journal = {Journal of Political Economy Microeconomics},
  volume = {2},
  number = {3},
  pages = {527-561},
  year = {2024},
  doi = {10.1086/730455}
}

@article{BrodeurEtAl2024b,
  author = {Brodeur, A. and Dreber, A. and Hoces de la Guardia, F. and Miguel, E.},
  title = {Reproduction and replication at scale},
  journal = {Nature Human Behaviour},
  volume = {8},
  number = {1},
  pages = {2-3},
  year = {2024},
  doi = {10.1038/s41562-023-01807-2}
}

@article{BrodeurEtAl2024c,
  author = {Brodeur, A. and Mikola, D. and Cook, N.},
  title = {Mass Reproducibility and Replicability: A New Hope},
  year = {2024},
  doi = {10.2139/ssrn.4790780}
}

@article{BryanEtAl2019,
  author = {Bryan, C. J. and Yeager, D. S. and O’Brien, J. M.},
  title = {Replicator degrees of freedom allow publication of misleading failures to replicate},
  journal = {Proceedings of the National Academy of Sciences},
  volume = {116},
  number = {51},
  pages = {25535-25545},
  year = {2019},
  doi = {10.1073/pnas.1910951116}
}

@article{Buttliere2024,
  author = {Buttliere, B.},
  title = {Was this Registered Report pilot tested? Examination of Vaidis, Sleegers, Van Leeuwen, DeMarree, ... & Priolo, D. (2024)},
  year = {2024},
  month = {July},
  doi = {10.31234/osf.io/c6r8x}
}

@article{ButtonEtAl2013,
  author = {Button, K. and Ioannidis, J. and Mokrysz, C. and others},
  title = {Power failure: why small sample size undermines the reliability of neuroscience},
  journal = {Nature Reviews Neuroscience},
  volume = {14},
  pages = {365–376},
  year = {2013},
  doi = {10.1038/nrn3475}
}

@article{CalderEtAl1981,
  author = {Calder, B. J. and Phillips, L. W. and Tybout, A. M.},
  title = {Designing research for application},
  journal = {Journal of Consumer Research},
  volume = {8},
  number = {2},
  pages = {197-207},
  year = {1981},
  doi = {10.1086/208856}
}

@article{CarterEtAl2019,
  author = {Carter, E. C. and Schönbrodt, F. D. and Gervais, W. M. and Hilgard, J.},
  title = {Correcting for bias in psychology: A comparison of meta-analytic methods},
  journal = {Advances in Methods and Practices in Psychological Science},
  volume = {2},
  number = {2},
  pages = {115-144},
  year = {2019},
  doi = {10.1177/2515245919847196}
}

@article{ChartrandBargh1999,
  author = {Chartrand, T. L. and Bargh, J. A.},
  title = {The chameleon effect: The perception–behavior link and social interaction},
  journal = {Journal of Personality and Social Psychology},
  volume = {76},
  number = {6},
  pages = {893},
  year = {1999},
  doi = {10.1037/0022-3514.76.6.893}
}

@article{ChengFeldman2024,
  author = {Cheng, Y. T. and Feldman, G.},
  title = {Do pain and effort increase prosocial contributions?: Revisiting the Martyrdom Effect with a Replication and extensions Registered Report of Olivola and Shafir (2013)[Stage 1]},
  year = {2024},
  doi = {10.17605/OSF.IO/YU25A}
}

@article{ClarkEtAl2022,
  author = {Clark, C. J. and Costello, T. and Mitchell, G. and Tetlock, P. E.},
  title = {Keep your enemies close: Adversarial collaborations will improve behavioral science},
  journal = {Journal of Applied Research in Memory and Cognition},
  volume = {11},
  number = {1},
  pages = {1},
  year = {2022},
  doi = {10.1037/mac0000004}
}

@article{ClarkeEtAl2024,
  author = {Clarke, B. and Lee, P. Y. (K.) and Schiavone, S. R. and Rhemtulla, M. and Vazire, S.},
  title = {The prevalence of direct replication articles in top-ranking psychology journals},
  journal = {American Psychologist},
  year = {2024},
  note = {Advance online publication},
  doi = {10.1037/amp0001385}
}

@article{ColesEtAl2022,
  author = {Coles, N. A. and March, D. S. and Marmolejo-Ramos, F. and and others},
  title = {A multi-lab test of the facial feedback hypothesis by the Many Smiles Collaboration},
  journal = {Nature Human Behaviour},
  volume = {6},
  pages = {1731–1742},
  year = {2022},
  doi = {10.1038/s41562-022-01458-9}
}

@article{ColeEtAl2024,
  author = {Cole, N. L. and Ulpts, S. and Bochynska, A. and Kormann, E. and Good, M. and Leitner, B. and Ross-Hellauer, T.},
  title = {Reproducibility and replicability of qualitative research: an integrative review of concepts, barriers and enablers},
  year = {2024},
  month = {December},
  doi = {10.31222/osf.io/n5zkw_v1}
}

@article{CorcoranEtAl2023,
  author = {Corcoran, A. W. and Hohwy, J. and Friston, K. J.},
  title = {Accelerating scientific progress through Bayesian adversarial collaboration},
  journal = {Neuron},
  volume = {111},
  number = {22},
  pages = {3505-3516},
  year = {2023},
  doi = {10.1016/j.neuron.2023.08.027}
}

@misc{CORETeam2025,
  author = {{CORE Team}},
  title = {Collaborative Open-science and meta REsearch},
  year = {2025},
  doi = {10.17605/OSF.IO/5Z4A8}
}

@article{CortinaEtAl2023,
  author = {Cortina, J. M. and Köhler, T. and Aulisi, L. C.},
  title = {Current reproducibility practices in management: What they are versus what they could be},
  journal = {Journal of Management Scientific Reports},
  volume = {1},
  number = {3-4},
  pages = {171-205},
  year = {2023},
  doi = {10.1177/27550311231202696}
}

@article{CowanEtAl2020,
  author = {Cowan, N. and Belletier, C. and Doherty, J. M. and Jaroslawska, A. J. and Rhodes, S. and Forsberg, A. and Naveh-Benjamin, M. and Barrouillet, P. and Camos, V. and Logie, R. H.},
  title = {How Do Scientific Views Change? Notes From an Extended Adversarial Collaboration},
  journal = {Perspectives on Psychological Science},
  volume = {15},
  number = {4},
  pages = {1011-1025},
  year = {2020},
  doi = {10.1177/1745691620906415}
}

@article{DreberJohannesson2024,
  author = {Dreber, A. and Johannesson, M.},
  title = {A framework for evaluating reproducibility and replicability in economics},
  journal = {Economic Inquiry},
  year = {2024},
  doi = {10.1111/ecin.13244}
}

@incollection{Dunlap1926,
  author = {Dunlap, K.},
  title = {The experimental methods of psychology},
  booktitle = {Psychologies of 1925},
  editor = {Murchison, C.},
  publisher = {Clark University Press},
  pages = {331–351},
  year = {1926},
  doi = {10.1037/11020-022}
}

@article{EbersoleEtAl2020,
  author = {Ebersole, C. R. and Mathur, M. B. and Baranski, E. and Bart-Plange, D. J. and Buttrick, N. R. and Chartier, C. R. and and Szecsi, P.},
  title = {Many Labs 5: Testing pre-data-collection peer review as an intervention to increase replicability},
  journal = {Advances in Methods and Practices in Psychological Science},
  volume = {3},
  number = {3},
  pages = {309-331},
  year = {2020},
  doi = {10.1177/2515245920958687}
}

@article{ErringtonEtAl2021a,
  author = {Errington, T. M. and Denis, A. and Perfito, N. and Iorns, E. and Nosek, B. A.},
  title = {Challenges for assessing replicability in preclinical cancer biology},
  journal = {eLife},
  volume = {10},
  pages = {e67995},
  year = {2021},
  doi = {10.7554/eLife.67995}
}

@article{ErringtonEtAl2021b,
  author = {Errington, T. M. and Mathur, M. and Soderberg, C. K. and Denis, A. and Perfito, N. and Iorns, E. and Nosek, B. A.},
  title = {Investigating the replicability of preclinical cancer biology},
  journal = {eLife},
  volume = {10},
  pages = {e71601},
  year = {2021},
  doi = {10.7554/eLife.71601}
}

@article{EstebanEtAl2019,
  author = {Esteban, O. and Markiewicz, C. J. and Blair, R. W. and Moodie, C. A. and Isik, A. I. and Erramuzpe, A. and and Gorgolewski, K. J.},
  title = {fMRIPrep: a robust preprocessing pipeline for functional MRI},
  journal = {Nature Methods},
  volume = {16},
  number = {1},
  pages = {111-116},
  year = {2019}
}

@article{FabrigarEtAl2020,
  author = {Fabrigar, L. R. and Wegener, D. T. and Petty, R. E.},
  title = {A validity-based framework for understanding replication in psychology},
  journal = {Personality and Social Psychology Review},
  volume = {24},
  number = {4},
  pages = {316–344},
  year = {2020},
  doi = {10.1177/1088868320931366}
}

@article{Feldman2024,
  author = {Feldman, G.},
  title = {Registered Report Stage 1 manuscript template},
  year = {2024},
  doi = {10.17605/OSF.IO/YQXTP}
}

@article{Feldman2025,
  author = {Feldman, G.},
  title = {The value of replications goes beyond replicability and is associated with the value of the research it replicates: Commentary on Isager et al., 2021},
  journal = {Meta Psychology},
  volume = {9},
  year = {2025},
  doi = {10.15626/MP.2024.4326}
}

@article{Fiedler2011,
  author = {Fiedler, K.},
  title = {Voodoo correlations are everywhere—Not only in neuroscience},
  journal = {Perspectives on Psychological Science},
  volume = {6},
  number = {2},
  pages = {163-171},
  year = {2011},
  doi = {10.1177/1745691611400237}
}

@article{FieldEtAl2019,
  author = {Field, S. M. and Hoekstra, R. and Bringmann, L. and van Ravenzwaaij, D.},
  title = {When and why to replicate: As easy as 1, 2, 3?},
  journal = {Collabra: Psychology},
  volume = {5},
  number = {1},
  pages = {46},
  year = {2019},
  doi = {10.1525/collabra.218}
}

@article{FiedlerEtAl2021,
  author = {Fiedler, K. and McCaughey, L. and Prager, J.},
  title = {Quo vadis, methodology? The key role of manipulation checks for validity control and quality of science},
  journal = {Perspectives on Psychological Science},
  volume = {16},
  number = {4},
  pages = {816–826},
  year = {2021},
  doi = {10.1177/1745691620970602}
}

@article{FlakeFried2020,
  author = {Flake, J. K. and Fried, E. I.},
  title = {Measurement schmeasurement: Questionable measurement practices and how to avoid them},
  journal = {Advances in Methods and Practices in Psychological Science},
  volume = {3},
  number = {4},
  pages = {456–465},
  year = {2020},
  doi = {10.1177/2515245920952393}
}

@article{Francis2012,
  author = {Francis, G.},
  title = {Too good to be true: Publication bias in two prominent studies from experimental psychology},
  journal = {Psychonomic Bulletin & Review},
  volume = {19},
  pages = {151-156},
  year = {2012},
  doi = {10.3758/s13423-012-0227-9}
}

@book{FrankEtAl2025,
  author = {Frank, M. C. and Braginsky, M. and Cachia, J. and Coles, N. and Hardwicke, T. E.},
  title = {Experimentology: An open science approach to experimental psychology methods},
  publisher = {MIT Press},
  year = {2025},
  doi = {10.25936/3JP6-5M50}
}

@article{FreesePeterson2017,
  author = {Freese, J. and Peterson, D.},
  title = {Replication in social science},
  journal = {Annual Review of Sociology},
  volume = {43},
  number = {1},
  pages = {147-165},
  year = {2017},
  doi = {10.1146/annurev-soc-060116-053450}
}

@article{FrieseEtAl2019,
  author = {Friese, M. and Loschelder, D. D. and Gieseler, K. and Frankenbach, J. and Inzlicht, M.},
  title = {Is Ego Depletion Real? An Analysis of Arguments},
  journal = {Personality and Social Psychology Review},
  volume = {23},
  number = {2},
  pages = {107-131},
  year = {2019},
  doi = {10.1177/1088868318762183}
}

@article{GohEtAl2016,
  author = {Goh, J. X. and Hall, J. A. and Rosenthal, R.},
  title = {Mini meta‐analysis of your own studies: Some arguments on why and a primer on how},
  journal = {Social and Personality Psychology Compass},
  volume = {10},
  number = {10},
  pages = {535-549},
  year = {2016},
  doi = {10.1111/spc3.12267}
}

@article{GoltermannAltegoer2025,
  author = {Goltermann, J. and Altegoer, L.},
  title = {ReFiNe-MDD: Replicability of Findings in Neuroimaging in Depression},
  year = {2025},
  month = {April},
  doi = {10.17605/OSF.IO/N86Q9}
}

@article{GrantEtAl2024,
  author = {Grant, S. and Corker, K. S. and Mellor, D. T. and Stewart, S. L. K. and Cashin, A. G. and Lagisz, M. and and Nosek, B. A.},
  title = {TOP 2025: An Update to the Transparency and Openness Promotion Guidelines},
  year = {2024},
  month = {September},
  doi = {10.31222/osf.io/nmfs6}
}

@article{HaggerEtAl2016,
  author = {Hagger, M. S. and Chatzisarantis, N. L. D. and Alberts, H. and Anggono, C. O. and Batailler, C. and Birt, A. R. and Brand, R. and Brandt, M. J. and Brewer, G. and Bruyneel, S. and Calvillo, D. P. and Campbell, W. K. and Cannon, P. R. and Carlucci, M. and Carruth, N. P. and Cheung, T. and Crowell, A. and De Ridder, D. T. D. and Dewitte, S. and and Zwienenberg, M.},
  title = {A Multilab Preregistered Replication of the Ego-Depletion Effect},
  journal = {Perspectives on Psychological Science},
  volume = {11},
  number = {4},
  pages = {546-573},
  year = {2016},
  doi = {10.1177/1745691616652873}
}

@article{HanEtAl2019,
  author = {Han, H. and Glenn, A. L. and Dawson, K. J.},
  title = {Evaluating Alternative Correction Methods for Multiple Comparison in Functional Neuroimaging Research},
  journal = {Brain Sciences},
  volume = {9},
  number = {8},
  pages = {198},
  year = {2019},
  doi = {10.3390/brainsci9080198}
}

@article{HardwickeWagenmakers2023,
  author = {Hardwicke, T. E. and Wagenmakers, E. J.},
  title = {Reducing bias, increasing transparency and calibrating confidence with preregistration},
  journal = {Nature Human Behaviour},
  volume = {7},
  number = {1},
  pages = {15-26},
  year = {2023},
  doi = {10.1038/s41562-022-01497-2}
}

@article{HawkinsEtAl2018,
  author = {Hawkins, R. X. and Smith, E. N. and Au, C. and Arias, J. M. and Catapano, R. and Hermann, E. and and Frank, M. C.},
  title = {Improving the replicability of psychological science through pedagogy},
  journal = {Advances in Methods and Practices in Psychological Science},
  volume = {1},
  number = {1},
  pages = {7-18},
  year = {2018},
  doi = {10.1177/2515245917740427}
}

@misc{Heathers2025,
  author = {Heathers, J.},
  title = {An Introduction to Forensic Metascience},
  year = {2025},
  url = {www.forensicmetascience.com},
  doi = {10.5281/zenodo.14871843}
}

@article{HeireneEtAl2024,
  author = {Heirene, R. and LaPlante, D. and Louderback, E. and Keen, B. and Bakker, M. and Serafimovska, A. and Gainsbury, S.},
  title = {Preregistration specificity and adherence: A review of preregistered gambling studies and cross-disciplinary comparison},
  journal = {Meta-Psychology},
  volume = {8},
  year = {2024},
  doi = {10.15626/MP.2021.2909}
}

@article{HeldEtAl2022,
  author = {Held, L. and Micheloud, C. and Pawel, S.},
  title = {The assessment of replication success based on relative effect size},
  journal = {The Annals of Applied Statistics},
  volume = {16},
  number = {2},
  pages = {706-720},
  year = {2022},
  doi = {10.1214/21-AOAS1502}
}

@article{HeldEtAl2024,
  author = {Held, L. and Pawel, S. and Micheloud, C.},
  title = {The assessment of replicability using the sum of p-values},
  journal = {Royal Society Open Science},
  volume = {11},
  number = {8},
  pages = {240149},
  year = {2024},
  doi = {10.1098/rsos.240149}
}

@article{HenriquesEtAl2023,
  author = {Henriques, S. O. and Rzayeva, N. and Pinfield, S. and Waltman, L.},
  title = {Preprint review services: Disrupting the scholarly communication landscape?},
  year = {2023},
  month = {October},
  doi = {10.31235/osf.io/8c6xm}
}

@techreport{HerouxEtAl2018,
  author = {Heroux, Michael A. and Barba, Lorena A. and Parashar, Manish and Stodden, Victoria and Taufer, Michela},
  title = {Toward a Compatible Reproducibility Taxonomy for Computational and Computing Sciences},
  year = {2018},
  doi = {10.2172/1481626}
}

@article{Hoeffler2017,
  author = {Höffler, J. H.},
  title = {ReplicationWiki: improving transparency in social sciences research},
  journal = {D-Lib Magazine},
  volume = {23},
  number = {3},
  pages = {1},
  year = {2017},
  doi = {10.1045/march2017-hoeffler}
}

@article{HoutkoopEtAl2018,
  author = {Houtkoop, B. L. and Chambers, C. and Macleod, M. and Bishop, D. V. and Nichols, T. E. and Wagenmakers, E. J.},
  title = {Data sharing in psychology: A survey on barriers and preconditions},
  journal = {Advances in Methods and Practices in Psychological Science},
  volume = {1},
  number = {1},
  pages = {70-85},
  year = {2018},
  doi = {10.1177/2515245917751886}
}

@article{HuangHuang2024,
  author = {Huang, F. L. and Huang, A. B.},
  title = {Replication Studies Using Secondary or Nonexperimental Datasets},
  journal = {School Psychology Review},
  pages = {1–15},
  year = {2024},
  doi = {10.1080/2372966X.2024.2346781}
}

@article{HueffmeierEtAl2016,
  author = {Hüffmeier, J. and Mazei, J. and Schultze, T.},
  title = {Reconceptualizing replication as a sequence of different studies: A replication typology},
  journal = {Journal of Experimental Social Psychology},
  volume = {66},
  pages = {81-92},
  year = {2016},
  doi = {10.1016/j.jesp.2015.09.009}
}

@incollection{Hume1748,
  author = {Hume, D.},
  title = {An enquiry concerning human understanding},
  booktitle = {Seven masterpieces of philosophy},
  publisher = {Routledge},
  pages = {183-276},
  year = {2016},
  note = {Original work published 1748}
}

@inproceedings{HummelManner2024,
  author = {Hummel, T. and Manner, J.},
  title = {A literature review on reproducibility studies in computer science},
  booktitle = {Proceedings of the 16th ZEUS Workshop on Services and Their Composition (ZEUS 2024)(CEUR)},
  volume = {3673},
  year = {2024}
}

@article{Ioannidis2005,
  author = {Ioannidis, J. P.},
  title = {Why most published research findings are false},
  journal = {PLoS Medicine},
  volume = {2},
  number = {8},
  pages = {e124},
  year = {2005}
}

@article{IsagerEtAl2023,
  author = {Isager, P. M. and van Aert, R. C. M. and Bahník, Š. and Brandt, M. J. and DeSoto, K. A. and Giner-Sorolla, R. and Krueger, J. I. and Perugini, M. and Ropovik, I. and van 't Veer, A. E. and Vranka, M. and Lakens, D.},
  title = {Deciding what to replicate: A decision model for replication study selection under resource and knowledge constraints},
  journal = {Psychological Methods},
  volume = {28},
  number = {2},
  pages = {438–451},
  year = {2023},
  doi = {10.1037/met0000438}
}

@article{JacowitzKahneman1995,
  author = {Jacowitz, K. E. and Kahneman, D.},
  title = {Measures of anchoring in estimation tasks},
  journal = {Personality and Social Psychology Bulletin},
  volume = {21},
  number = {11},
  pages = {1161-1166},
  year = {1995},
  doi = {10.1177/01461672952111004}
}

@article{JanzFreese2021,
  author = {Janz, N. and Freese, J.},
  title = {Replicate Others as You Would Like to Be Replicated Yourself},
  journal = {PS: Political Science & Politics},
  volume = {54},
  number = {2},
  pages = {305-308},
  year = {2021},
  doi = {10.1017/S1049096520000943}
}

@article{JekelEtAl2020,
  author = {Jekel, M. and Fiedler, S. and Allstadt Torras, R. and Mischkowski, D. and Dorrough, A. R. and Glöckner, A.},
  title = {How to Teach Open Science Principles in the Undergraduate Curriculum—The Hagen Cumulative Science Project},
  journal = {Psychology Learning & Teaching},
  volume = {19},
  number = {1},
  pages = {91-106},
  year = {2020},
  doi = {10.1177/1475725719868149}
}

@article{JohnEtAl2012,
  author = {John, L. K. and Loewenstein, G. and Prelec, D.},
  title = {Measuring the prevalence of questionable research practices with incentives for truth telling},
  journal = {Psychological Science},
  volume = {23},
  number = {5},
  pages = {524–532},
  year = {2012},
  doi = {10.1177/0956797611430953}
}

@article{KamermansEtAl2025,
  author = {Kamermans, K. L. and Dudda, L. and Daikoku, T. and Verheyen, S.},
  title = {The is-ought problem in deciding what to replicate: which motives guide current replication practices?},
  year = {2025},
  month = {April},
  doi = {10.31234/osf.io/6xdy2_v2}
}

@article{KapitanyKavanagh2023,
  author = {Kapitány, R. and Kavanagh, C. M.},
  title = {Best practices and ethical considerations for crowd-sourced data in the behavioral sciences},
  year = {2023},
  month = {April},
  doi = {10.31219/osf.io/sn5gh}
}

@article{KarhulahtiEtAl2024,
  author = {Karhulahti, V. and Martončik, M. and Adamkovic, M.},
  title = {Pre-replication in Meaningful Science},
  year = {2024},
  month = {March},
  doi = {10.31234/osf.io/5gn7m}
}

@article{King1995,
  author = {King, G.},
  title = {Replication, replication},
  journal = {PS: Political Science & Politics},
  volume = {28},
  number = {3},
  pages = {444-452},
  year = {1995},
  doi = {10.2307/420301}
}

@article{KleinEtAl2014,
  author = {Klein, R. A. and Ratliff, K. A. and Vianello, M. and Adams Jr, R. B. and Bahník, Š. and Bernstein, M. J. and and Nosek, B. A.},
  title = {Investigating variation in replicability},
  journal = {Social Psychology},
  year = {2014},
  doi = {10.1027/1864-9335/a000178}
}

@article{KohlerCortina2021,
  author = {Köhler, T. and Cortina, J. M.},
  title = {Play It Again, Sam! An Analysis of Constructive Replication in the Organizational Sciences},
  journal = {Journal of Management},
  volume = {47},
  number = {2},
  pages = {488-518},
  year = {2021},
  doi = {10.1177/0149206319843985}
}

@article{KooleLakens2012,
  author = {Koole, S. L. and Lakens, D.},
  title = {Rewarding replications: A sure and simple way to improve psychological science},
  journal = {Perspectives in Psychological Science},
  volume = {7},
  pages = {608-614},
  year = {2012},
  doi = {10.1177/1745691612462586}
}

@article{Lakens2022a,
  author = {Lakens, D.},
  title = {Improving Your Statistical Inferences},
  year = {2022},
  url = {https://lakens.github.io/statistical_inferences/},
  doi = {10.5281/zenodo.6409077}
}

@article{Lakens2022b,
  author = {Lakens, D.},
  title = {Sample size justification},
  journal = {Collabra: Psychology},
  volume = {8},
  number = {1},
  pages = {33267},
  year = {2022},
  doi = {10.1525/collabra.33267}
}

@article{Lakens2024,
  author = {Lakens, D.},
  title = {When and How to Deviate from a Preregistration},
  journal = {Collabra: Psychology},
  volume = {10},
  number = {1},
  year = {2024},
  doi = {10.1525/collabra.117094}
}

@article{LakensEtz2017,
  author = {Lakens, D. and Etz, A. J.},
  title = {Too True to be Bad: When Sets of Studies With Significant and Nonsignificant Findings Are Probably True},
  journal = {Social Psychological and Personality Science},
  volume = {8},
  number = {8},
  pages = {875-881},
  year = {2017},
  doi = {10.1177/1948550617693058}
}

@article{LakensEtAl2018,
  author = {Lakens, D. and Scheel, A. M. and Isager, P. M.},
  title = {Equivalence testing for psychological research: A tutorial},
  journal = {Advances in Methods and Practices in Psychological Science},
  volume = {1},
  number = {2},
  pages = {259-269},
  year = {2018},
  doi = {10.1177/2515245918770963}
}

@article{LandyEtAl2020,
  author = {Landy, J. F. and Jia, M. L. and Ding, I. L. and Viganola, D. and Tierney, W. and Dreber, A. and and Crowdsourcing Hypothesis Tests Collaboration},
  title = {Crowdsourcing hypothesis tests: Making transparent how design choices shape research results},
  journal = {Psychological Bulletin},
  volume = {146},
  number = {5},
  pages = {451},
  year = {2020},
  doi = {10.1037/bul0000220}
}

@article{LashEtAl2018,
  author = {Lash, T. L. and Collin, L. J. and Van Dyke, M. E.},
  title = {The replication crisis in epidemiology: snowball, snow job, or winter solstice?},
  journal = {Current Epidemiology Reports},
  volume = {5},
  pages = {175-183},
  year = {2018}
}

@article{LeBelEtAl2018,
  author = {LeBel, E. P. and McCarthy, R. J. and Earp, B. D. and Elson, M. and Vanpaemel, W.},
  title = {A unified framework to quantify the credibility of scientific findings},
  journal = {Advances in Methods and Practices in Psychological Science},
  volume = {1},
  number = {3},
  pages = {389-402},
  year = {2018},
  doi = {10.1177/2515245918787489}
}

@article{LeehrEtAl2024,
  author = {Leehr, E. J. and Seeger, F. R. and Böhnlein, J. and Gathmann, B. and Straube, T. and Roesmann, K. and and Lueken, U.},
  title = {Association between resting-state connectivity patterns in the defensive system network and treatment response in spider phobia—a replication approach},
  journal = {Translational Psychiatry},
  volume = {14},
  number = {1},
  pages = {137},
  year = {2024}
}

@article{LindeEtAl2023,
  author = {Linde, M. and Tendeiro, J. N. and Selker, R. and Wagenmakers, E.-J. and van Ravenzwaaij, D.},
  title = {Decisions about equivalence: A comparison of TOST, HDI-ROPE, and the Bayes factor},
  journal = {Psychological Methods},
  volume = {28},
  number = {3},
  pages = {740–755},
  year = {2023},
  doi = {10.1037/met0000402}
}

@article{LynchEtAl2024,
  author = {Lynch, C. J. and Elbau, I. G. and Ng, T. and others},
  title = {Frontostriatal salience network expansion in individuals in depression},
  journal = {Nature},
  volume = {633},
  pages = {624–633},
  year = {2024},
  doi = {10.1038/s41586-024-07805-2}
}

@article{Mahoney1977,
  author = {Mahoney, M. J.},
  title = {Publication prejudices: An experimental study of confirmatory bias in the peer review system},
  journal = {Cognitive Therapy and Research},
  volume = {1},
  pages = {161-175},
  year = {1977},
  doi = {10.1007/BF01173636}
}

@article{MakelEtAl2012,
  author = {Makel, M. C. and Plucker, J. A. and Hegarty, B.},
  title = {Replications in Psychology Research: How Often Do They Really Occur?},
  journal = {Perspectives on Psychological Science},
  volume = {7},
  number = {6},
  pages = {537-542},
  year = {2012},
  doi = {10.1177/1745691612460688}
}

@article{MarekEtAl2022,
  author = {Marek, S. and Tervo-Clemmens, B. and Calabro, F. J. and Montez, D. F. and Kay, B. P. and Hatoum, A. S. and and Dosenbach, N. U.},
  title = {Reproducible brain-wide association studies require thousands of individuals},
  journal = {Nature},
  volume = {603},
  number = {7902},
  pages = {654-660},
  year = {2022}
}

@article{McManus2024,
  author = {McManus, K.},
  title = {Replication studies in second language acquisition research: Definitions, issues, resources, and future directions: Introduction to the special issue},
  journal = {Studies in Second Language Acquisition},
  volume = {46},
  number = {5},
  pages = {1299-1319},
  year = {2024},
  doi = {10.1017/S0272263124000652}
}

@article{McCarthyEtAl2021,
  author = {McCarthy, R. and Gervais, W. and Aczel, B. and Al-Kire, R. L. and Aveyard, M. and Marcella Baraldo, S. and and Zogmaister, C.},
  title = {A multi-site collaborative study of the hostile priming effect},
  journal = {Collabra: Psychology},
  volume = {7},
  number = {1},
  pages = {18738},
  year = {2021},
  doi = {10.1525/collabra.18738}
}

@article{McShaneBockenholt2017,
  author = {McShane, B. B. and Böckenholt, U.},
  title = {Single-paper meta-analysis: Benefits for study summary, theory testing, and replicability},
  journal = {Journal of Consumer Research},
  volume = {43},
  number = {6},
  pages = {1048-1063},
  year = {2017},
  doi = {10.1093/jcr/ucw085}
}

@article{MicheloudHeld2022,
  author = {Micheloud, C. and Held, L.},
  title = {Power calculations for replication studies},
  journal = {Statistical Science},
  volume = {37},
  number = {3},
  pages = {369-379},
  year = {2022},
  doi = {10.1214/21-STS828}
}

@article{MilkowskiEtAl2018,
  author = {Miłkowski, M. and Hensel, W. M. and Hohol, M.},
  title = {Replicability or reproducibility? On the replication crisis in computational neuroscience and sharing only relevant detail},
  journal = {Journal of Computational Neuroscience},
  volume = {45},
  number = {3},
  pages = {163-172},
  year = {2018},
  doi = {10.1007/s10827-018-0702-z}
}

@article{MoreauWiebels2023,
  author = {Moreau, D. and Wiebels, K.},
  title = {Ten simple rules for designing and conducting undergraduate replication projects},
  journal = {PLOS Computational Biology},
  volume = {19},
  number = {3},
  pages = {e1010957},
  year = {2023},
  doi = {10.1371/journal.pcbi.1010957}
}

@article{MunafoEtAl2020,
  author = {Munafò, M. R. and Chambers, C. D. and Collins, A. M. and Fortunato, L. and Macleod, M. R.},
  title = {Research culture and reproducibility},
  journal = {Trends in Cognitive Sciences},
  volume = {24},
  number = {2},
  pages = {91-93},
  year = {2020},
  doi = {10.1016/j.tics.2019.12.002}
}

@article{MuradchanianEtAl2021,
  author = {Muradchanian, J. and Hoekstra, R. and Kiers, H. and van Ravenzwaaij, D.},
  title = {How best to quantify replication success? A simulation study on the comparison of replication success metrics},
  journal = {Royal Society Open Science},
  volume = {8},
  number = {5},
  pages = {201697},
  year = {2021},
  doi = {10.1098/rsos.201697}
}

@article{MussweilerEtAl2000,
  author = {Mussweiler, T. and Strack, F. and Pfeiffer, T.},
  title = {Overcoming the Inevitable Anchoring Effect: Considering the Opposite Compensates for Selective Accessibility},
  journal = {Personality and Social Psychology Bulletin},
  volume = {26},
  number = {9},
  pages = {1142-1150},
  year = {2000},
  doi = {10.1177/01461672002611010}
}

@article{NagyEtAl2024,
  author = {Nagy, T. and Hergert, J. and Elsherif, M. M. and Wallrich, L. and Schmidt, K. and Waltzer, T. and and Rubínová, E.},
  title = {Bestiary of Questionable Research Practices in Psychology},
  year = {2024},
  month = {May},
  doi = {10.31234/osf.io/fhk98}
}

@article{NelsonEtAl2018,
  author = {Nelson, L. D. and Simmons, J. and Simonsohn, U.},
  title = {Psychology’s renaissance},
  journal = {Annual Review of Psychology},
  volume = {69},
  number = {1},
  pages = {511–534},
  year = {2018},
  doi = {10.1146/annurev-psych-122216-011836}
}

@article{NosekErrington2020,
  author = {Nosek, B. A. and Errington, T. M.},
  title = {What is replication?},
  journal = {PLoS Biology},
  volume = {18},
  number = {3},
  pages = {e3000691},
  year = {2020},
  doi = {10.1371/journal.pbio.3000691}
}

@article{NuestEglen2021,
  author = {Nüst, D. and Eglen, S. J.},
  title = {CODECHECK: an Open Science initiative for the independent execution of computations underlying research articles during peer review to improve reproducibility},
  journal = {F1000Research},
  volume = {10},
  pages = {253},
  year = {2021},
  doi = {10.12688/f1000research.51738.2}
}

@article{NuijtenPolanin2020,
  author = {Nuijten, M. B. and Polanin, J. R.},
  title = {“statcheck”: Automatically detect statistical reporting inconsistencies to increase reproducibility of meta‐analyses},
  journal = {Research Synthesis Methods},
  volume = {11},
  number = {5},
  pages = {574-579},
  year = {2020},
  doi = {10.1002/jrsm.1408}
}

@article{OpenScienceCollab2015,
  author = {{Open Science Collaboration}},
  title = {Estimating the reproducibility of psychological science},
  journal = {Science},
  volume = {349},
  number = {6251},
  pages = {aac4716},
  year = {2015},
  doi = {10.1126/science.aac4716}
}

@article{PawelEtAl2023,
  author = {Pawel, S. and Consonni, G. and Held, L.},
  title = {Bayesian approaches to designing replication studies},
  journal = {Psychological Methods},
  year = {2023},
  doi = {10.1037/met0000604}
}

@article{PatilEtAl2016a,
  author = {Patil, P. and Peng, R. D. and Leek, J. T.},
  title = {A statistical definition for reproducibility and replicability},
  journal = {BioRxiv},
  pages = {066803},
  year = {2016},
  doi = {10.1101/066803}
}

@article{PatilEtAl2016b,
  author = {Patil, P. and Peng, R. D. and Leek, J. T.},
  title = {What Should Researchers Expect When They Replicate Studies? A Statistical View of Replicability in Psychological Science},
  journal = {Perspectives on Psychological Science},
  volume = {11},
  number = {4},
  pages = {539-544},
  year = {2016},
  doi = {10.1177/1745691616646366}
}

@book{Pennington2023,
  author = {Pennington, C. R.},
  title = {A Student's Guide to Open Science: Using the Replication Crisis to Reform Psychology},
  publisher = {Open University Press},
  year = {2023}
}

@article{PerryEtAl2022,
  author = {Perry, T. and Morris, R. and Lea, R.},
  title = {A decade of replication study in education? A mapping review (2011–2020)},
  journal = {Educational Research and Evaluation},
  volume = {27},
  number = {1-2},
  pages = {12-34},
  year = {2022},
  doi = {10.1080/13803611.2021.2022315}
}

@article{PittelkowEtAl2021,
  author = {Pittelkow, M. M. and Hoekstra, R. and Karsten, J. and van Ravenzwaaij, D.},
  title = {Replication target selection in clinical psychology: A Bayesian and qualitative reevaluation},
  journal = {Clinical Psychology: Science and Practice},
  volume = {28},
  number = {2},
  pages = {210},
  year = {2021},
  doi = {10.1037/cps0000013}
}

@article{PittelkowEtAl2023,
  author = {Pittelkow, M. M. and Field, S. M. and Isager, P. M. and van’t Veer, A. E. and Anderson, T. and Cole, S. N. and and Van Ravenzwaaij, D.},
  title = {The process of replication target selection in psychology: what to consider?},
  journal = {Royal Society Open Science},
  volume = {10},
  number = {2},
  pages = {210586},
  year = {2023},
  doi = {10.1098/rsos.210586}
}

@article{PittelkowEtAl2025,
  author = {Pittelkow, M. and Field, S. M. and van Ravenzwaaij, D.},
  title = {Thinking Beyond RVCN: Addressing the Complexity of Replication Target Selection},
  year = {2025},
  month = {February},
  doi = {10.31234/osf.io/6tmyx_v2}
}

@article{Pownall2022,
  author = {Pownall, M.},
  title = {Is replication possible for qualitative research?},
  year = {2022},
  doi = {10.31234/osf.io/dwxeg}
}

@article{PowersEtAl2013,
  author = {Powers, K. L. and Brooks, P. J. and Aldrich, N. J. and Palladino, M. A. and Alfieri, L.},
  title = {Effects of video-game play on information processing: A meta-analytic investigation},
  journal = {Psychonomic Bulletin & Review},
  volume = {20},
  number = {6},
  pages = {1055-1079},
  year = {2013},
  doi = {10.3758/s13423-013-0418-z}
}

@article{Protzko2018,
  author = {Protzko, J.},
  title = {Null-hacking, a lurking problem},
  year = {2018},
  month = {June},
  doi = {10.31234/osf.io/9y3mp}
}

@article{PuhlmannEtAl2025,
  author = {Puhlmann, L. and Koppold, A. and Feld, G. and Lonsdorf, T. and Hilger, K. and Vogel, S. and and Hartmann, H.},
  title = {There is no research on a dead planet–Fostering ecologically sustainable open science practices in neuroscience},
  journal = {OSF Preprint},
  year = {2025},
  doi = {10.31219/osf.io/rju75_v1}
}

@article{RentonEtAl2024,
  author = {Renton, A. I. and Dao, T. T. and Johnstone, T. and Civier, O. and Sullivan, R. P. and White, D. J. and Lyons, P. and Slade, B. M. and Abbott, D. F. and Amos, T. J. and Bollmann, S. and Botting, A. and Campbell, M. E. J. and Chang, J. and Close, T. G. and Dörig, M. and Eckstein, K. and Egan, G. F. and Evas, S. and Bollmann, S.},
  title = {Neurodesk: an accessible, flexible and portable data analysis environment for reproducible neuroimaging},
  journal = {Nature Methods},
  volume = {21},
  number = {5},
  pages = {804–808},
  year = {2024},
  doi = {10.1038/s41592-023-02145-x}
}

@article{RoselerEtAl2022,
  author = {Röseler, L. and Gendlina, T. and Krapp, J. and Labusch, N. and Schütz, A.},
  title = {Successes and Failures of Replications: A Meta-Analysis of Independent Replication Studies Based on the OSF Registries},
  year = {2022},
  month = {August},
  doi = {10.31222/osf.io/8psw2}
}

@article{RoselerEtAl2025,
  author = {Röseler, L. and Hein, M. and Oppong Boakye, P.},
  title = {Standardized Reproduction and Replication Templates (StaRT)},
  year = {2025},
  month = {July},
  doi = {10.17605/OSF.IO/BRXTD}
}

@article{RoselerEtAl2024,
  author = {Röseler, L. and Kaiser, L. and Doetsch, C. and Klett, N. and Seida, C. and Schütz, A. and and Zhang, Y.},
  title = {The Replication Database: Documenting the Replicability of Psychological Science},
  journal = {Journal of Open Psychology Data},
  volume = {12},
  number = {1},
  pages = {8},
  year = {2024},
  doi = {10.5334/jopd.101}
}

@manual{RoselerWallrich2024,
  author = {Röseler, L. and Wallrich, L.},
  title = {FReD: Interfaces to the FORRT Replication Database},
  year = {2024},
  note = {R package version 0.0.0.9001},
  url = {http://forrt.org/FReD/}
}

@article{RosenbergFinn2022,
  author = {Rosenberg, M. D. and Finn, E. S.},
  title = {How to establish robust brain–behavior relationships without thousands of individuals},
  journal = {Nature Neuroscience},
  volume = {25},
  pages = {835–837},
  year = {2022},
  doi = {10.1038/s41593-022-01110-9}
}

@article{SchauerHedges2021,
  author = {Schauer, J. M. and Hedges, L. V.},
  title = {Reconsidering statistical methods for assessing replication},
  journal = {Psychological Methods},
  volume = {26},
  number = {1},
  pages = {127–139},
  year = {2021},
  doi = {10.1037/met0000302}
}

@article{Schimmack2012,
  author = {Schimmack, U.},
  title = {The ironic effect of significant results on the credibility of multiple-study articles},
  journal = {Psychological Methods},
  volume = {17},
  number = {4},
  pages = {551},
  year = {2012},
  doi = {10.1037/a0029487}
}

@article{Schmidt2009,
  author = {Schmidt, S.},
  title = {Shall we really do it again? The powerful concept of replication is neglected in the social sciences},
  journal = {Review of General Psychology},
  volume = {13},
  number = {2},
  pages = {90-100},
  year = {2009},
  doi = {10.1037/a0015108}
}

@article{Schoch2023,
  author = {Schöch, C.},
  title = {Repetitive research: a conceptual space and terminology of replication, reproduction, revision, reanalysis, reinvestigation and reuse in digital humanities},
  journal = {International Journal of Digital Humanities},
  volume = {5},
  number = {2},
  pages = {373-403},
  year = {2023},
  doi = {10.1007/s42803-023-00073-y}
}

@article{SchultzeEtAl2018,
  author = {Schultze, T. and Gerlach, T. M. and Rittich, J. C.},
  title = {Some people heed advice less than others: Agency (but not communion) predicts advice taking},
  journal = {Journal of Behavioral Decision Making},
  volume = {31},
  number = {3},
  pages = {430-445},
  year = {2018},
  doi = {10.1002/bdm.2065}
}

@article{SimmonsEtAl2011,
  author = {Simmons, J. P. and Nelson, L. D. and Simonsohn, U.},
  title = {False-positive psychology: Undisclosed flexibility in data collection and analysis allows presenting anything as significant},
  journal = {Psychological Science},
  volume = {22},
  number = {11},
  pages = {1359–1366},
  year = {2011},
  doi = {10.1177/0956797611417632}
}

@article{Simonsohn2015,
  author = {Simonsohn, U.},
  title = {Small telescopes: Detectability and the evaluation of replication results},
  journal = {Psychological Science},
  volume = {26},
  number = {5},
  pages = {559-569},
  year = {2015},
  doi = {10.1177/0956797614567341}
}

@article{SimonsohnEtAl2020,
  author = {Simonsohn, U. and Simmons, J. P. and Nelson, L. D.},
  title = {Specification curve analysis},
  journal = {Nature Human Behaviour},
  volume = {4},
  pages = {1208–1214},
  year = {2020},
  doi = {10.1038/s41562-020-0912-z}
}

@article{SoderbergEtAl2021,
  author = {Soderberg, C. K. and Errington, T. M. and Schiavone, S. R. and and others},
  title = {Initial evidence of research quality of registered reports compared with the standard publishing model},
  journal = {Nature Human Behaviour},
  volume = {5},
  pages = {990–997},
  year = {2021},
  doi = {10.1038/s41562-021-01142-4}
}

@article{Soto2019,
  author = {Soto, C. J.},
  title = {How replicable are links between personality traits and consequential life outcomes? The life outcomes of personality replication project},
  journal = {Psychological Science},
  volume = {30},
  number = {5},
  pages = {711-727},
  year = {2019},
  doi = {10.1177/0956797619831612}
}

@article{SpisakEtAl2023,
  author = {Spisak, T. and Bingel, U. and Wager, T. D.},
  title = {Multivariate BWAS can be replicable with moderate sample sizes},
  journal = {Nature},
  volume = {615},
  pages = {E4–E7},
  year = {2023},
  doi = {10.1038/s41586-023-05745-x}
}

@article{SteinerEtAl2023,
  author = {Steiner, P. M. and Sheehan, P. and Wong, V. C.},
  title = {Correspondence measures for assessing replication success},
  journal = {Psychological Methods},
  year = {2023},
  note = {Advance online publication},
  doi = {10.1037/met0000597}
}

@article{Syed2023,
  author = {Syed, M.},
  title = {Replication or Generalizability? How Flexible Inferences Uphold Unfounded Universal Claims},
  year = {2023},
  month = {May},
  doi = {10.31234/osf.io/znv5r}
}

@article{TaylorEtAl2023,
  author = {Taylor, P. A. and Reynolds, R. C. and Calhoun, V. and Gonzalez-Castillo, J. and Handwerker, D. A. and Bandettini, P. A. and and Chen, G.},
  title = {Highlight results, don't hide them: Enhance interpretation, reduce biases and improve reproducibility},
  journal = {Neuroimage},
  volume = {274},
  pages = {120138},
  year = {2023}
}

@article{TsangKwan1999,
  author = {Tsang, E. W. and Kwan, K. M.},
  title = {Replication and theory development in organizational science: A critical realist perspective},
  journal = {Academy of Management Review},
  volume = {24},
  number = {4},
  pages = {759-780},
  year = {1999},
  doi = {10.2307/259353}
}

@article{UrminskyDietvorst2024,
  author = {Urminsky, O. and Dietvorst, B. J.},
  title = {Taking the Full Measure: Integrating Replication into Research Practice to Assess Generalizability},
  journal = {Journal of Consumer Research},
  volume = {51},
  number = {1},
  pages = {157-168},
  year = {2024},
  doi = {10.1093/jcr/ucae007}
}

@article{VazireEtAl2022,
  author = {Vazire, S. and Schiavone, S. R. and Bottesini, J. G.},
  title = {Credibility beyond replicability: Improving the four validities in psychological science},
  journal = {Current Directions in Psychological Science},
  volume = {31},
  number = {2},
  pages = {162–168},
  year = {2022},
  doi = {10.1177/09637214211067779}
}

@article{VerhagenWagenmakers2014,
  author = {Verhagen, J. and Wagenmakers, E.-J.},
  title = {Bayesian tests to quantify the result of a replication attempt},
  journal = {Journal of Experimental Psychology: General},
  volume = {143},
  number = {4},
  pages = {1457–1475},
  year = {2014},
  doi = {10.1037/a0036731}
}

@article{VoelklEtAl2025,
  author = {Voelkl, B. and Heyard, R. and Fanelli, D. and Wever, K. E. and Held, L. and Maniadis, Z. and and Würbel, H.},
  title = {Defining Reproducibility},
  year = {2025},
  month = {April},
  doi = {10.17605/OSF.IO/BR9SP}
}

@article{VohsEtAl2021,
  author = {Vohs, K. D. and Schmeichel, B. J. and Lohmann, S. and Gronau, Q. F. and Finley, A. J. and Ainsworth, S. E. and Alquist, J. L. and Baker, M. D. and Brizi, A. and Bunyi, A. and Butschek, G. J. and Campbell, C. and Capaldi, J. and Cau, C. and Chambers, H. and Chatzisarantis, N. L. D. and Christensen, W. J. and Clay, S. L. and Curtis, J. and and Albarracín, D.},
  title = {A Multisite Preregistered Paradigmatic Test of the Ego-Depletion Effect},
  journal = {Psychological Science},
  volume = {32},
  number = {10},
  pages = {1566-1581},
  year = {2021},
  doi = {10.1177/0956797621989733}
}

@article{WagenmakersEtAl2016,
  author = {Wagenmakers, E.-J. and Beek, T. and Dijkhoff, L. and Gronau, Q. F. and Acosta, A. and Adams, R. B. and Albohn, D. N. and Allard, E. S. and Benning, S. D. and Blouin-Hudon, E.-M. and Bulnes, L. C. and Caldwell, T. L. and Calin-Jageman, R. J. and Capaldi, C. A. and Carfagno, N. S. and Chasten, K. T. and Cleeremans, A. and Connell, L. and DeCicco, J. M. and and Zwaan, R. A.},
  title = {Registered Replication Report: Strack, Martin, & Stepper (1988)},
  journal = {Perspectives on Psychological Science},
  volume = {11},
  number = {6},
  pages = {917-928},
  year = {2016},
  doi = {10.1177/1745691616674458}
}

@article{WagenmakersEtAl2019,
  author = {Wagenmakers, E. J. and Gronau, Q. F. and Vandekerckhove, J.},
  title = {Five Bayesian intuitions for the stopping rule principle},
  year = {2019},
  doi = {10.31234/osf.io/5ntkd}
}

@article{WilkinsonEtAl2016,
  author = {Wilkinson, M. D. and Dumontier, M. and Aalbersberg, I. J. and Appleton, G. and Axton, M. and Baak, A. and and Mons, B.},
  title = {The FAIR Guiding Principles for scientific data management and stewardship},
  journal = {Scientific Data},
  volume = {3},
  number = {1},
  pages = {1-9},
  year = {2016},
  doi = {10.1038/sdata.2016.18}
}

@article{WillrothAtherton2024,
  author = {Willroth, E. C. and Atherton, O. E.},
  title = {Best laid plans: A guide to reporting preregistration deviations},
  journal = {Advances in Methods and Practices in Psychological Science},
  volume = {7},
  number = {1},
  pages = {25152459231213802},
  year = {2024},
  doi = {10.1177/25152459231213802}
}

@article{WinterEtAl2022,
  author = {Winter, N. R. and Leenings, R. and Ernsting, J. and Sarink, K. and Fisch, L. and Emden, D. and and Hahn, T.},
  title = {Quantifying deviations of brain structure and function in major depressive disorder across neuroimaging modalities},
  journal = {JAMA Psychiatry},
  volume = {79},
  number = {9},
  pages = {879-888},
  year = {2022}
}

@article{Yarkoni2013,
  author = {Yarkoni, T.},
  title = {“What we can and can’t learn from the Many Labs Replication Project”},
  journal = {Talyarkoni.org/blog},
  year = {2013},
  month = {December}
}

@article{ZhouEtAl2022,
  author = {Zhou, X. and Wu, R. and Zeng, Y. and Qi, Z. and Ferraro, S. and Xu, L. and and Becker, B.},
  title = {Choice of Voxel-based Morphometry processing pipeline drives variability in the location of neuroanatomical brain markers},
  journal = {Communications Biology},
  volume = {5},
  number = {1},
  pages = {913},
  year = {2022}
}

@article{ZwaanEtAl2018,
  author = {Zwaan, R. A. and Etz, A. and Lucas, R. E. and Donnellan, M. B.},
  title = {Making replication mainstream},
  journal = {Behavioral and Brain Sciences},
  volume = {41},
  pages = {e120},
  year = {2018},
  doi = {10.1017/S0140525X17001972}
}